<?xml version="1.0" encoding="UTF-8"?><collection xmlns="http://www.loc.gov/MARC21/slim"><record><leader>00357nam--2200121-i-4500</leader><controlfield tag="001">000006078</controlfield><controlfield tag="002">20161230</controlfield><controlfield tag="005">20161230201026</controlfield><controlfield tag="008">060222s1000------------r-----000-0-eng-d</controlfield><datafield ind1=" " ind2=" " tag="100"><subfield code="a">Catalano Luciano R</subfield></datafield><datafield ind1=" " ind2=" " tag="245"><subfield code="a">Energia-materia y polaroid. fundamentos de la nueva fisica cospuscular</subfield></datafield><datafield ind1=" " ind2=" " tag="260"><subfield code="a">Buenos Aires, Impresos Lopez Y Cia, 1962. 204 P</subfield></datafield><datafield ind1=" " ind2=" " tag="852"><subfield code="a">17896</subfield></datafield></record></collection>